@article{tesauro1995temporal,
	title={Temporal difference learning and TD-Gammon},
	author={Tesauro, Gerald},
	journal={Communications of the ACM},
	volume={38},
	number={3},
	pages={58--68},
	year={1995}
}

@techreport{liao2012cs229,
  title={Cs229 final report reinforcement learning to play mario},
  author={Liao, Yizheng and Yi, Kun and Yang, Zhe},
  year={2012},
  institution={Technical report, Stanford University}
}

@inproceedings{amato2010high,
	title={High-level reinforcement learning in strategy games},
	author={Amato, Christopher and Shani, Guy},
	booktitle={Proceedings of the 9th International Conference on Autonomous Agents and Multiagent Systems: volume 1-Volume 1},
	pages={75--82},
	year={2010},
	organization={International Foundation for Autonomous Agents and Multiagent Systems}
}

@article{mnih2013playing,
	title={Playing atari with deep reinforcement learning},
	author={Mnih, Volodymyr and Kavukcuoglu, Koray and Silver, David and Graves, Alex and Antonoglou, Ioannis and Wierstra, Daan and Riedmiller, Martin},
	journal={arXiv preprint arXiv:1312.5602},
	year={2013}
}

@article{silver2016mastering,
	title={Mastering the game of Go with deep neural networks and tree search},
	author={Silver, David and Huang, Aja and Maddison, Chris J and Guez, Arthur and Sifre, Laurent and Van Den Driessche, George and Schrittwieser, Julian and Antonoglou, Ioannis and Panneershelvam, Veda and Lanctot, Marc and others},
	journal={Nature},
	volume={529},
	number={7587},
	pages={484--489},
	year={2016},
	publisher={Nature Publishing Group}
}








@article{sukhbaatar2015mazebase,
	title={Mazebase: A sandbox for learning from games},
	author={Sukhbaatar, Sainbayar and Szlam, Arthur and Synnaeve, Gabriel and Chintala, Soumith and Fergus, Rob},
	journal={arXiv preprint arXiv:1511.07401},
	year={2015}
}


@ARTICLE{bellemare13arcade,
	author = {{Bellemare}, M.~G. and {Naddaf}, Y. and {Veness}, J. and {Bowling}, M.},
	title = {The Arcade Learning Environment: An Evaluation Platform for General Agents},
	journal = {Journal of Artificial Intelligence Research},
	year = 2013,
	month = 06,
	volume = 47,
	pages = {253--279}
}